<?xml version="1.0" encoding="UTF-8"?><collection xmlns="http://www.loc.gov/MARC21/slim"><record><leader>00523nam--2200181-i-4500</leader><controlfield tag="001">000023658</controlfield><controlfield tag="002">20161230</controlfield><controlfield tag="005">20161230201035</controlfield><controlfield tag="008">060222s1000------------r-----000-0-eng-d</controlfield><datafield ind1=" " ind2=" " tag="040"><subfield code="a">IFIN-HH</subfield></datafield><datafield ind1=" " ind2=" " tag="080"><subfield code="a">621.772:621.039</subfield></datafield><datafield ind1="1" ind2=" " tag="100"><subfield code="a">Harvey, John F</subfield></datafield><datafield ind1="1" ind2="0" tag="245"><subfield code="a">Pressure vessel design:nuclear and chemical applications</subfield><subfield code="c">John f. harvey</subfield></datafield><datafield ind1=" " ind2=" " tag="260"><subfield code="a">Toronto, D.Van Nostrand Co.Inc.,1963</subfield></datafield><datafield ind1=" " ind2=" " tag="300"><subfield code="a">XIV + 274 P</subfield></datafield><datafield ind1=" " ind2=" " tag="490"><subfield code="a">Van Nostrand Nuclear Science Series</subfield></datafield><datafield ind1=" " ind2=" " tag="852"><subfield code="a">19406</subfield><subfield code="c">531</subfield></datafield><datafield ind1=" " ind2=" " tag="CAT"><subfield code="a">Sys</subfield><subfield code="c">20100622</subfield><subfield code="h">141229</subfield></datafield></record></collection>